%YAML 1.1
%TAG !u! tag:unity3d.com,2011:
--- !u!1 &1764499950103936988
GameObject:
  m_ObjectHideFlags: 0
  m_CorrespondingSourceObject: {fileID: 0}
  m_PrefabInstance: {fileID: 0}
  m_PrefabAsset: {fileID: 0}
  serializedVersion: 6
  m_Component:
  - component: {fileID: 1241711116784474621}
  - component: {fileID: 7854785659504290348}
  - component: {fileID: 5141728631955255756}
  m_Layer: 0
  m_Name: Siames
  m_TagString: Untagged
  m_Icon: {fileID: 0}
  m_NavMeshLayer: 0
  m_StaticEditorFlags: 0
  m_IsActive: 1
--- !u!4 &1241711116784474621
Transform:
  m_ObjectHideFlags: 0
  m_CorrespondingSourceObject: {fileID: 0}
  m_PrefabInstance: {fileID: 0}
  m_PrefabAsset: {fileID: 0}
  m_GameObject: {fileID: 1764499950103936988}
  m_LocalRotation: {x: 0, y: 0, z: 0, w: 1}
  m_LocalPosition: {x: 5.03, y: 0, z: 0}
  m_LocalScale: {x: 1, y: 1, z: 1}
  m_ConstrainProportionsScale: 0
  m_Children:
  - {fileID: 4084694598671597185}
  - {fileID: 7624538306224831597}
  m_Father: {fileID: 0}
  m_RootOrder: 0
  m_LocalEulerAnglesHint: {x: 0, y: 0, z: 0}
--- !u!114 &7854785659504290348
MonoBehaviour:
  m_ObjectHideFlags: 0
  m_CorrespondingSourceObject: {fileID: 0}
  m_PrefabInstance: {fileID: 0}
  m_PrefabAsset: {fileID: 0}
  m_GameObject: {fileID: 1764499950103936988}
  m_Enabled: 1
  m_EditorHideFlags: 0
  m_Script: {fileID: 11500000, guid: debade974cda242c390ec3bfcd718830, type: 3}
  m_Name: 
  m_EditorClassIdentifier: 
  cost: 100
  ps: {fileID: 6631601498431779635, guid: e16553907caa04b14804bb29124205a5, type: 3}
--- !u!95 &5141728631955255756
Animator:
  serializedVersion: 4
  m_ObjectHideFlags: 0
  m_CorrespondingSourceObject: {fileID: 0}
  m_PrefabInstance: {fileID: 0}
  m_PrefabAsset: {fileID: 0}
  m_GameObject: {fileID: 1764499950103936988}
  m_Enabled: 1
  m_Avatar: {fileID: 0}
  m_Controller: {fileID: 9100000, guid: 630731d37fad9439d961330d271444a1, type: 2}
  m_CullingMode: 0
  m_UpdateMode: 0
  m_ApplyRootMotion: 0
  m_LinearVelocityBlending: 0
  m_StabilizeFeet: 0
  m_WarningMessage: 
  m_HasTransformHierarchy: 1
  m_AllowConstantClipSamplingOptimization: 1
  m_KeepAnimatorControllerStateOnDisable: 0
--- !u!1 &6003006761270437278
GameObject:
  m_ObjectHideFlags: 0
  m_CorrespondingSourceObject: {fileID: 0}
  m_PrefabInstance: {fileID: 0}
  m_PrefabAsset: {fileID: 0}
  serializedVersion: 6
  m_Component:
  - component: {fileID: 7624538306224831597}
  m_Layer: 0
  m_Name: HitAttack
  m_TagString: Untagged
  m_Icon: {fileID: 3306451490063965843, guid: 0000000000000000d000000000000000, type: 0}
  m_NavMeshLayer: 0
  m_StaticEditorFlags: 0
  m_IsActive: 1
--- !u!4 &7624538306224831597
Transform:
  m_ObjectHideFlags: 0
  m_CorrespondingSourceObject: {fileID: 0}
  m_PrefabInstance: {fileID: 0}
  m_PrefabAsset: {fileID: 0}
  m_GameObject: {fileID: 6003006761270437278}
  m_LocalRotation: {x: 0, y: 0, z: 0, w: 1}
  m_LocalPosition: {x: 0, y: 1.6, z: 4.05}
  m_LocalScale: {x: 1, y: 1, z: 1}
  m_ConstrainProportionsScale: 0
  m_Children: []
  m_Father: {fileID: 1241711116784474621}
  m_RootOrder: 1
  m_LocalEulerAnglesHint: {x: 0, y: 0, z: 0}
--- !u!1 &8327143684870203901
GameObject:
  m_ObjectHideFlags: 0
  m_CorrespondingSourceObject: {fileID: 0}
  m_PrefabInstance: {fileID: 0}
  m_PrefabAsset: {fileID: 0}
  serializedVersion: 6
  m_Component:
  - component: {fileID: 4084694598671597185}
  m_Layer: 0
  m_Name: Model
  m_TagString: Untagged
  m_Icon: {fileID: 0}
  m_NavMeshLayer: 0
  m_StaticEditorFlags: 0
  m_IsActive: 1
--- !u!4 &4084694598671597185
Transform:
  m_ObjectHideFlags: 0
  m_CorrespondingSourceObject: {fileID: 0}
  m_PrefabInstance: {fileID: 0}
  m_PrefabAsset: {fileID: 0}
  m_GameObject: {fileID: 8327143684870203901}
  m_LocalRotation: {x: 0, y: 1, z: 0, w: 0}
  m_LocalPosition: {x: 0, y: 0, z: 0}
  m_LocalScale: {x: 2, y: 2, z: 2}
  m_ConstrainProportionsScale: 1
  m_Children:
  - {fileID: 7653507653345615864}
  - {fileID: 4987562071058190378}
  - {fileID: 3506714809938766091}
  - {fileID: 1902706627001468557}
  - {fileID: 8038054138584035550}
  - {fileID: 4675693929608721367}
  - {fileID: 818126619622038997}
  m_Father: {fileID: 1241711116784474621}
  m_RootOrder: 0
  m_LocalEulerAnglesHint: {x: 0, y: 180, z: 0}
--- !u!1001 &923282651691989566
PrefabInstance:
  m_ObjectHideFlags: 0
  serializedVersion: 2
  m_Modification:
    m_TransformParent: {fileID: 4084694598671597185}
    m_Modifications:
    - target: {fileID: -8679921383154817045, guid: 5e8bfa1dec9e04a4da68326808cfa588, type: 3}
      propertyPath: m_RootOrder
      value: 6
      objectReference: {fileID: 0}
    - target: {fileID: -8679921383154817045, guid: 5e8bfa1dec9e04a4da68326808cfa588, type: 3}
      propertyPath: m_LocalPosition.x
      value: 0
      objectReference: {fileID: 0}
    - target: {fileID: -8679921383154817045, guid: 5e8bfa1dec9e04a4da68326808cfa588, type: 3}
      propertyPath: m_LocalPosition.y
      value: 0
      objectReference: {fileID: 0}
    - target: {fileID: -8679921383154817045, guid: 5e8bfa1dec9e04a4da68326808cfa588, type: 3}
      propertyPath: m_LocalPosition.z
      value: 0
      objectReference: {fileID: 0}
    - target: {fileID: -8679921383154817045, guid: 5e8bfa1dec9e04a4da68326808cfa588, type: 3}
      propertyPath: m_LocalRotation.w
      value: 1
      objectReference: {fileID: 0}
    - target: {fileID: -8679921383154817045, guid: 5e8bfa1dec9e04a4da68326808cfa588, type: 3}
      propertyPath: m_LocalRotation.x
      value: 0
      objectReference: {fileID: 0}
    - target: {fileID: -8679921383154817045, guid: 5e8bfa1dec9e04a4da68326808cfa588, type: 3}
      propertyPath: m_LocalRotation.y
      value: 0
      objectReference: {fileID: 0}
    - target: {fileID: -8679921383154817045, guid: 5e8bfa1dec9e04a4da68326808cfa588, type: 3}
      propertyPath: m_LocalRotation.z
      value: 0
      objectReference: {fileID: 0}
    - target: {fileID: -8679921383154817045, guid: 5e8bfa1dec9e04a4da68326808cfa588, type: 3}
      propertyPath: m_LocalEulerAnglesHint.x
      value: 0
      objectReference: {fileID: 0}
    - target: {fileID: -8679921383154817045, guid: 5e8bfa1dec9e04a4da68326808cfa588, type: 3}
      propertyPath: m_LocalEulerAnglesHint.y
      value: 0
      objectReference: {fileID: 0}
    - target: {fileID: -8679921383154817045, guid: 5e8bfa1dec9e04a4da68326808cfa588, type: 3}
      propertyPath: m_LocalEulerAnglesHint.z
      value: 0
      objectReference: {fileID: 0}
    - target: {fileID: 919132149155446097, guid: 5e8bfa1dec9e04a4da68326808cfa588, type: 3}
      propertyPath: m_Name
      value: SiamesTail.vox
      objectReference: {fileID: 0}
    m_RemovedComponents: []
  m_SourcePrefab: {fileID: 100100000, guid: 5e8bfa1dec9e04a4da68326808cfa588, type: 3}
--- !u!4 &818126619622038997 stripped
Transform:
  m_CorrespondingSourceObject: {fileID: -8679921383154817045, guid: 5e8bfa1dec9e04a4da68326808cfa588, type: 3}
  m_PrefabInstance: {fileID: 923282651691989566}
  m_PrefabAsset: {fileID: 0}
--- !u!1001 &2156517123202556262
PrefabInstance:
  m_ObjectHideFlags: 0
  serializedVersion: 2
  m_Modification:
    m_TransformParent: {fileID: 4084694598671597185}
    m_Modifications:
    - target: {fileID: -8679921383154817045, guid: a66ab2483330d424d817590f576870de, type: 3}
      propertyPath: m_RootOrder
      value: 3
      objectReference: {fileID: 0}
    - target: {fileID: -8679921383154817045, guid: a66ab2483330d424d817590f576870de, type: 3}
      propertyPath: m_LocalPosition.x
      value: -0.698
      objectReference: {fileID: 0}
    - target: {fileID: -8679921383154817045, guid: a66ab2483330d424d817590f576870de, type: 3}
      propertyPath: m_LocalPosition.y
      value: 0
      objectReference: {fileID: 0}
    - target: {fileID: -8679921383154817045, guid: a66ab2483330d424d817590f576870de, type: 3}
      propertyPath: m_LocalPosition.z
      value: 0
      objectReference: {fileID: 0}
    - target: {fileID: -8679921383154817045, guid: a66ab2483330d424d817590f576870de, type: 3}
      propertyPath: m_LocalRotation.w
      value: 1
      objectReference: {fileID: 0}
    - target: {fileID: -8679921383154817045, guid: a66ab2483330d424d817590f576870de, type: 3}
      propertyPath: m_LocalRotation.x
      value: -0
      objectReference: {fileID: 0}
    - target: {fileID: -8679921383154817045, guid: a66ab2483330d424d817590f576870de, type: 3}
      propertyPath: m_LocalRotation.y
      value: -0
      objectReference: {fileID: 0}
    - target: {fileID: -8679921383154817045, guid: a66ab2483330d424d817590f576870de, type: 3}
      propertyPath: m_LocalRotation.z
      value: -0
      objectReference: {fileID: 0}
    - target: {fileID: -8679921383154817045, guid: a66ab2483330d424d817590f576870de, type: 3}
      propertyPath: m_LocalEulerAnglesHint.x
      value: 0
      objectReference: {fileID: 0}
    - target: {fileID: -8679921383154817045, guid: a66ab2483330d424d817590f576870de, type: 3}
      propertyPath: m_LocalEulerAnglesHint.y
      value: 0
      objectReference: {fileID: 0}
    - target: {fileID: -8679921383154817045, guid: a66ab2483330d424d817590f576870de, type: 3}
      propertyPath: m_LocalEulerAnglesHint.z
      value: 0
      objectReference: {fileID: 0}
    - target: {fileID: 919132149155446097, guid: a66ab2483330d424d817590f576870de, type: 3}
      propertyPath: m_Name
      value: SiamesLeg.vox (1)
      objectReference: {fileID: 0}
    m_RemovedComponents: []
  m_SourcePrefab: {fileID: 100100000, guid: a66ab2483330d424d817590f576870de, type: 3}
--- !u!4 &1902706627001468557 stripped
Transform:
  m_CorrespondingSourceObject: {fileID: -8679921383154817045, guid: a66ab2483330d424d817590f576870de, type: 3}
  m_PrefabInstance: {fileID: 2156517123202556262}
  m_PrefabAsset: {fileID: 0}
--- !u!1001 &3972425522171678432
PrefabInstance:
  m_ObjectHideFlags: 0
  serializedVersion: 2
  m_Modification:
    m_TransformParent: {fileID: 4084694598671597185}
    m_Modifications:
    - target: {fileID: -8679921383154817045, guid: a66ab2483330d424d817590f576870de, type: 3}
      propertyPath: m_RootOrder
      value: 2
      objectReference: {fileID: 0}
    - target: {fileID: -8679921383154817045, guid: a66ab2483330d424d817590f576870de, type: 3}
      propertyPath: m_LocalPosition.x
      value: 0
      objectReference: {fileID: 0}
    - target: {fileID: -8679921383154817045, guid: a66ab2483330d424d817590f576870de, type: 3}
      propertyPath: m_LocalPosition.y
      value: 0
      objectReference: {fileID: 0}
    - target: {fileID: -8679921383154817045, guid: a66ab2483330d424d817590f576870de, type: 3}
      propertyPath: m_LocalPosition.z
      value: 0
      objectReference: {fileID: 0}
    - target: {fileID: -8679921383154817045, guid: a66ab2483330d424d817590f576870de, type: 3}
      propertyPath: m_LocalRotation.w
      value: 1
      objectReference: {fileID: 0}
    - target: {fileID: -8679921383154817045, guid: a66ab2483330d424d817590f576870de, type: 3}
      propertyPath: m_LocalRotation.x
      value: -0
      objectReference: {fileID: 0}
    - target: {fileID: -8679921383154817045, guid: a66ab2483330d424d817590f576870de, type: 3}
      propertyPath: m_LocalRotation.y
      value: -0
      objectReference: {fileID: 0}
    - target: {fileID: -8679921383154817045, guid: a66ab2483330d424d817590f576870de, type: 3}
      propertyPath: m_LocalRotation.z
      value: -0
      objectReference: {fileID: 0}
    - target: {fileID: -8679921383154817045, guid: a66ab2483330d424d817590f576870de, type: 3}
      propertyPath: m_LocalEulerAnglesHint.x
      value: 0
      objectReference: {fileID: 0}
    - target: {fileID: -8679921383154817045, guid: a66ab2483330d424d817590f576870de, type: 3}
      propertyPath: m_LocalEulerAnglesHint.y
      value: 0
      objectReference: {fileID: 0}
    - target: {fileID: -8679921383154817045, guid: a66ab2483330d424d817590f576870de, type: 3}
      propertyPath: m_LocalEulerAnglesHint.z
      value: 0
      objectReference: {fileID: 0}
    - target: {fileID: 919132149155446097, guid: a66ab2483330d424d817590f576870de, type: 3}
      propertyPath: m_Name
      value: SiamesLeg.vox
      objectReference: {fileID: 0}
    m_RemovedComponents: []
  m_SourcePrefab: {fileID: 100100000, guid: a66ab2483330d424d817590f576870de, type: 3}
--- !u!4 &3506714809938766091 stripped
Transform:
  m_CorrespondingSourceObject: {fileID: -8679921383154817045, guid: a66ab2483330d424d817590f576870de, type: 3}
  m_PrefabInstance: {fileID: 3972425522171678432}
  m_PrefabAsset: {fileID: 0}
--- !u!1001 &4809237721696434113
PrefabInstance:
  m_ObjectHideFlags: 0
  serializedVersion: 2
  m_Modification:
    m_TransformParent: {fileID: 4084694598671597185}
    m_Modifications:
    - target: {fileID: -8679921383154817045, guid: 408bf102c0af24dd7a42db5cb4a07fc9, type: 3}
      propertyPath: m_RootOrder
      value: 1
      objectReference: {fileID: 0}
    - target: {fileID: -8679921383154817045, guid: 408bf102c0af24dd7a42db5cb4a07fc9, type: 3}
      propertyPath: m_LocalPosition.x
      value: -0
      objectReference: {fileID: 0}
    - target: {fileID: -8679921383154817045, guid: 408bf102c0af24dd7a42db5cb4a07fc9, type: 3}
      propertyPath: m_LocalPosition.y
      value: 0
      objectReference: {fileID: 0}
    - target: {fileID: -8679921383154817045, guid: 408bf102c0af24dd7a42db5cb4a07fc9, type: 3}
      propertyPath: m_LocalPosition.z
      value: 0
      objectReference: {fileID: 0}
    - target: {fileID: -8679921383154817045, guid: 408bf102c0af24dd7a42db5cb4a07fc9, type: 3}
      propertyPath: m_LocalRotation.w
      value: 1
      objectReference: {fileID: 0}
    - target: {fileID: -8679921383154817045, guid: 408bf102c0af24dd7a42db5cb4a07fc9, type: 3}
      propertyPath: m_LocalRotation.x
      value: 0
      objectReference: {fileID: 0}
    - target: {fileID: -8679921383154817045, guid: 408bf102c0af24dd7a42db5cb4a07fc9, type: 3}
      propertyPath: m_LocalRotation.y
      value: -0
      objectReference: {fileID: 0}
    - target: {fileID: -8679921383154817045, guid: 408bf102c0af24dd7a42db5cb4a07fc9, type: 3}
      propertyPath: m_LocalRotation.z
      value: -0
      objectReference: {fileID: 0}
    - target: {fileID: -8679921383154817045, guid: 408bf102c0af24dd7a42db5cb4a07fc9, type: 3}
      propertyPath: m_LocalEulerAnglesHint.x
      value: 0
      objectReference: {fileID: 0}
    - target: {fileID: -8679921383154817045, guid: 408bf102c0af24dd7a42db5cb4a07fc9, type: 3}
      propertyPath: m_LocalEulerAnglesHint.y
      value: 0
      objectReference: {fileID: 0}
    - target: {fileID: -8679921383154817045, guid: 408bf102c0af24dd7a42db5cb4a07fc9, type: 3}
      propertyPath: m_LocalEulerAnglesHint.z
      value: 0
      objectReference: {fileID: 0}
    - target: {fileID: 919132149155446097, guid: 408bf102c0af24dd7a42db5cb4a07fc9, type: 3}
      propertyPath: m_Name
      value: SiamesHead.vox
      objectReference: {fileID: 0}
    m_RemovedComponents: []
  m_SourcePrefab: {fileID: 100100000, guid: 408bf102c0af24dd7a42db5cb4a07fc9, type: 3}
--- !u!4 &4987562071058190378 stripped
Transform:
  m_CorrespondingSourceObject: {fileID: -8679921383154817045, guid: 408bf102c0af24dd7a42db5cb4a07fc9, type: 3}
  m_PrefabInstance: {fileID: 4809237721696434113}
  m_PrefabAsset: {fileID: 0}
--- !u!1001 &5145889954755925052
PrefabInstance:
  m_ObjectHideFlags: 0
  serializedVersion: 2
  m_Modification:
    m_TransformParent: {fileID: 4084694598671597185}
    m_Modifications:
    - target: {fileID: -8679921383154817045, guid: a66ab2483330d424d817590f576870de, type: 3}
      propertyPath: m_RootOrder
      value: 5
      objectReference: {fileID: 0}
    - target: {fileID: -8679921383154817045, guid: a66ab2483330d424d817590f576870de, type: 3}
      propertyPath: m_LocalPosition.x
      value: 0.005
      objectReference: {fileID: 0}
    - target: {fileID: -8679921383154817045, guid: a66ab2483330d424d817590f576870de, type: 3}
      propertyPath: m_LocalPosition.y
      value: 0
      objectReference: {fileID: 0}
    - target: {fileID: -8679921383154817045, guid: a66ab2483330d424d817590f576870de, type: 3}
      propertyPath: m_LocalPosition.z
      value: 0.775
      objectReference: {fileID: 0}
    - target: {fileID: -8679921383154817045, guid: a66ab2483330d424d817590f576870de, type: 3}
      propertyPath: m_LocalRotation.w
      value: 1
      objectReference: {fileID: 0}
    - target: {fileID: -8679921383154817045, guid: a66ab2483330d424d817590f576870de, type: 3}
      propertyPath: m_LocalRotation.x
      value: -0
      objectReference: {fileID: 0}
    - target: {fileID: -8679921383154817045, guid: a66ab2483330d424d817590f576870de, type: 3}
      propertyPath: m_LocalRotation.y
      value: -0
      objectReference: {fileID: 0}
    - target: {fileID: -8679921383154817045, guid: a66ab2483330d424d817590f576870de, type: 3}
      propertyPath: m_LocalRotation.z
      value: -0
      objectReference: {fileID: 0}
    - target: {fileID: -8679921383154817045, guid: a66ab2483330d424d817590f576870de, type: 3}
      propertyPath: m_LocalEulerAnglesHint.x
      value: 0
      objectReference: {fileID: 0}
    - target: {fileID: -8679921383154817045, guid: a66ab2483330d424d817590f576870de, type: 3}
      propertyPath: m_LocalEulerAnglesHint.y
      value: 0
      objectReference: {fileID: 0}
    - target: {fileID: -8679921383154817045, guid: a66ab2483330d424d817590f576870de, type: 3}
      propertyPath: m_LocalEulerAnglesHint.z
      value: 0
      objectReference: {fileID: 0}
    - target: {fileID: 919132149155446097, guid: a66ab2483330d424d817590f576870de, type: 3}
      propertyPath: m_Name
      value: SiamesLeg.vox (3)
      objectReference: {fileID: 0}
    m_RemovedComponents: []
  m_SourcePrefab: {fileID: 100100000, guid: a66ab2483330d424d817590f576870de, type: 3}
--- !u!4 &4675693929608721367 stripped
Transform:
  m_CorrespondingSourceObject: {fileID: -8679921383154817045, guid: a66ab2483330d424d817590f576870de, type: 3}
  m_PrefabInstance: {fileID: 5145889954755925052}
  m_PrefabAsset: {fileID: 0}
--- !u!1001 &7495782927466600245
PrefabInstance:
  m_ObjectHideFlags: 0
  serializedVersion: 2
  m_Modification:
    m_TransformParent: {fileID: 4084694598671597185}
    m_Modifications:
    - target: {fileID: -8679921383154817045, guid: a66ab2483330d424d817590f576870de, type: 3}
      propertyPath: m_RootOrder
      value: 4
      objectReference: {fileID: 0}
    - target: {fileID: -8679921383154817045, guid: a66ab2483330d424d817590f576870de, type: 3}
      propertyPath: m_LocalPosition.x
      value: -0.698
      objectReference: {fileID: 0}
    - target: {fileID: -8679921383154817045, guid: a66ab2483330d424d817590f576870de, type: 3}
      propertyPath: m_LocalPosition.y
      value: 0
      objectReference: {fileID: 0}
    - target: {fileID: -8679921383154817045, guid: a66ab2483330d424d817590f576870de, type: 3}
      propertyPath: m_LocalPosition.z
      value: 0.775
      objectReference: {fileID: 0}
    - target: {fileID: -8679921383154817045, guid: a66ab2483330d424d817590f576870de, type: 3}
      propertyPath: m_LocalRotation.w
      value: 1
      objectReference: {fileID: 0}
    - target: {fileID: -8679921383154817045, guid: a66ab2483330d424d817590f576870de, type: 3}
      propertyPath: m_LocalRotation.x
      value: -0
      objectReference: {fileID: 0}
    - target: {fileID: -8679921383154817045, guid: a66ab2483330d424d817590f576870de, type: 3}
      propertyPath: m_LocalRotation.y
      value: -0
      objectReference: {fileID: 0}
    - target: {fileID: -8679921383154817045, guid: a66ab2483330d424d817590f576870de, type: 3}
      propertyPath: m_LocalRotation.z
      value: -0
      objectReference: {fileID: 0}
    - target: {fileID: -8679921383154817045, guid: a66ab2483330d424d817590f576870de, type: 3}
      propertyPath: m_LocalEulerAnglesHint.x
      value: 0
      objectReference: {fileID: 0}
    - target: {fileID: -8679921383154817045, guid: a66ab2483330d424d817590f576870de, type: 3}
      propertyPath: m_LocalEulerAnglesHint.y
      value: 0
      objectReference: {fileID: 0}
    - target: {fileID: -8679921383154817045, guid: a66ab2483330d424d817590f576870de, type: 3}
      propertyPath: m_LocalEulerAnglesHint.z
      value: 0
      objectReference: {fileID: 0}
    - target: {fileID: 919132149155446097, guid: a66ab2483330d424d817590f576870de, type: 3}
      propertyPath: m_Name
      value: SiamesLeg.vox (2)
      objectReference: {fileID: 0}
    m_RemovedComponents: []
  m_SourcePrefab: {fileID: 100100000, guid: a66ab2483330d424d817590f576870de, type: 3}
--- !u!4 &8038054138584035550 stripped
Transform:
  m_CorrespondingSourceObject: {fileID: -8679921383154817045, guid: a66ab2483330d424d817590f576870de, type: 3}
  m_PrefabInstance: {fileID: 7495782927466600245}
  m_PrefabAsset: {fileID: 0}
--- !u!1001 &7907197057375107091
PrefabInstance:
  m_ObjectHideFlags: 0
  serializedVersion: 2
  m_Modification:
    m_TransformParent: {fileID: 4084694598671597185}
    m_Modifications:
    - target: {fileID: -8679921383154817045, guid: a5af4029f68a84e5a88fd2942312900e, type: 3}
      propertyPath: m_RootOrder
      value: 0
      objectReference: {fileID: 0}
    - target: {fileID: -8679921383154817045, guid: a5af4029f68a84e5a88fd2942312900e, type: 3}
      propertyPath: m_LocalPosition.x
      value: 0
      objectReference: {fileID: 0}
    - target: {fileID: -8679921383154817045, guid: a5af4029f68a84e5a88fd2942312900e, type: 3}
      propertyPath: m_LocalPosition.y
      value: 0
      objectReference: {fileID: 0}
    - target: {fileID: -8679921383154817045, guid: a5af4029f68a84e5a88fd2942312900e, type: 3}
      propertyPath: m_LocalPosition.z
      value: 0
      objectReference: {fileID: 0}
    - target: {fileID: -8679921383154817045, guid: a5af4029f68a84e5a88fd2942312900e, type: 3}
      propertyPath: m_LocalRotation.w
      value: 1
      objectReference: {fileID: 0}
    - target: {fileID: -8679921383154817045, guid: a5af4029f68a84e5a88fd2942312900e, type: 3}
      propertyPath: m_LocalRotation.x
      value: 0
      objectReference: {fileID: 0}
    - target: {fileID: -8679921383154817045, guid: a5af4029f68a84e5a88fd2942312900e, type: 3}
      propertyPath: m_LocalRotation.y
      value: 0
      objectReference: {fileID: 0}
    - target: {fileID: -8679921383154817045, guid: a5af4029f68a84e5a88fd2942312900e, type: 3}
      propertyPath: m_LocalRotation.z
      value: 0
      objectReference: {fileID: 0}
    - target: {fileID: -8679921383154817045, guid: a5af4029f68a84e5a88fd2942312900e, type: 3}
      propertyPath: m_LocalEulerAnglesHint.x
      value: 0
      objectReference: {fileID: 0}
    - target: {fileID: -8679921383154817045, guid: a5af4029f68a84e5a88fd2942312900e, type: 3}
      propertyPath: m_LocalEulerAnglesHint.y
      value: 0
      objectReference: {fileID: 0}
    - target: {fileID: -8679921383154817045, guid: a5af4029f68a84e5a88fd2942312900e, type: 3}
      propertyPath: m_LocalEulerAnglesHint.z
      value: 0
      objectReference: {fileID: 0}
    - target: {fileID: 919132149155446097, guid: a5af4029f68a84e5a88fd2942312900e, type: 3}
      propertyPath: m_Name
      value: SiamesBody.vox
      objectReference: {fileID: 0}
    m_RemovedComponents: []
  m_SourcePrefab: {fileID: 100100000, guid: a5af4029f68a84e5a88fd2942312900e, type: 3}
--- !u!4 &7653507653345615864 stripped
Transform:
  m_CorrespondingSourceObject: {fileID: -8679921383154817045, guid: a5af4029f68a84e5a88fd2942312900e, type: 3}
  m_PrefabInstance: {fileID: 7907197057375107091}
  m_PrefabAsset: {fileID: 0}
